<record xmlns="http://www.loc.gov/MARC21/slim" xmlns:xsi="http://www.w3.org/2001/XMLSchema-instance" xsi:schemaLocation="http://www.loc.gov/MARC21/slim http://www.loc.gov/standards/marcxml/schema/MARC21slim.xsd"><leader>     nam a22        4500</leader><controlfield tag="001">4412713</controlfield><controlfield tag="003">NIC</controlfield><controlfield tag="006">m        d        </controlfield><controlfield tag="007">cr cn |||m|||a</controlfield><controlfield tag="008">150323m19679999iq a    ob    000 0 arar </controlfield><datafield ind1=" " ind2=" " tag="040"><subfield code="a">NNU</subfield><subfield code="b">eng</subfield><subfield code="e">rda</subfield><subfield code="c">NNU</subfield></datafield><datafield ind1="0" ind2="0" tag="050"><subfield code="a">B741</subfield><subfield code="b">.A4</subfield></datafield><datafield ind1="1" ind2=" " tag="100"><subfield code="6">880-01</subfield><subfield code="a">A&#772;lu&#772;si&#772;, H&#803;usa&#772;m Muh&#803;yi&#772; al-Di&#772;n.</subfield></datafield><datafield ind1="1" ind2="0" tag="245"><subfield code="6">880-02</subfield><subfield code="a">H&#803;iwa&#772;r bayna al-fala&#772;sifah wa-al-mutakallimi&#772;n,</subfield><subfield code="c">ta&#700;li&#772;f H&#803;usa&#772;m Muh&#803;yi&#772; al-Di&#772;n al-Alousi&#772;.</subfield></datafield><datafield ind1=" " ind2=" " tag="260"><subfield code="6">880-03</subfield><subfield code="a">Baghda&#772;d :</subfield><subfield code="b">Mat&#803;ba&#699;at al-Zahra&#772;&#700;,</subfield><subfield code="c">1967-</subfield></datafield><datafield ind1=" " ind2=" " tag="300"><subfield code="a">online resource (volumes) :</subfield><subfield code="b">illustrations</subfield></datafield><datafield ind1=" " ind2=" " tag="336"><subfield code="a">text</subfield><subfield code="2">rdacontent</subfield></datafield><datafield ind1=" " ind2=" " tag="337"><subfield code="a">computer</subfield><subfield code="2">rdamedia</subfield></datafield><datafield ind1=" " ind2=" " tag="338"><subfield code="a">online resource</subfield><subfield code="2">rdacarrier</subfield></datafield><datafield ind1="0" ind2=" " tag="490"><subfield code="6">880-04</subfield><subfield code="a">Fi&#772; sabi&#772;l fahm al-falsafah al-Isla&#772;mi&#772;yah, Mushkilat al-Wuju&#772;d ;</subfield><subfield code="v">1</subfield></datafield><datafield ind1=" " ind2=" " tag="500"><subfield code="a">Cover title: Being a dialoque between philosophers &amp; theologians, by Husam al-Alousi.</subfield></datafield><datafield ind1=" " ind2=" " tag="500"><subfield code="a">Part of the Arabic Collections Online (ACO) project, contributed by Cornell University Libraries.</subfield></datafield><datafield ind1=" " ind2=" " tag="504"><subfield code="a">Includes bibliographical references (v. 1, pages 257-268).</subfield></datafield><datafield ind1=" " ind2=" " tag="533"><subfield code="a">Electronic reproduction.</subfield><subfield code="b">New York, N.Y. :</subfield><subfield code="c">New York University,</subfield><subfield code="d">2015.</subfield><subfield code="5">NNU</subfield></datafield><datafield ind1=" " ind2="0" tag="650"><subfield code="a">Islamic philosophy.</subfield></datafield><datafield ind1=" " ind2="0" tag="650"><subfield code="a">Islam</subfield><subfield code="x">Doctrines.</subfield></datafield><datafield ind1=" " ind2="7" tag="650"><subfield code="a">Islam</subfield><subfield code="x">Doctrines.</subfield><subfield code="2">fast</subfield><subfield code="0">(OCoLC)fst00979787</subfield></datafield><datafield ind1=" " ind2="7" tag="650"><subfield code="a">Islamic philosophy.</subfield><subfield code="2">fast</subfield><subfield code="0">(OCoLC)fst01730358</subfield></datafield><datafield ind1="2" ind2=" " tag="710"><subfield code="a">Cornell University.</subfield><subfield code="b">Libraries.</subfield></datafield><datafield ind1="0" ind2=" " tag="730"><subfield code="a">Arabic Collections Online.</subfield></datafield><datafield ind1="0" ind2="8" tag="776"><subfield code="i">Print version:</subfield><subfield code="a">A&#772;lu&#772;si&#772;, H&#803;usa&#772;m Muh&#803;yi&#772; al-Di&#772;n.</subfield><subfield code="t">H&#803;iwa&#772;r bayna al-fala&#772;sifah wa-al-mutakallimi&#772;n</subfield><subfield code="w">(NIC)4412713</subfield><subfield code="w">(DLC)ne 68003453 </subfield><subfield code="w">(OCoLC)9181329</subfield></datafield><datafield ind1="4" ind2="0" tag="856"><subfield code="u">http://hdl.handle.net/2333.1/05qftwpn</subfield></datafield><datafield ind1="1" ind2=" " tag="880"><subfield code="6">100-01</subfield><subfield code="a">&#1570;&#1604;&#1608;&#1587;&#1610;&#1548; &#1581;&#1587;&#1575;&#1605; &#1605;&#1581;&#1610; &#1575;&#1604;&#1583;&#1610;&#1606;.</subfield></datafield><datafield ind1="1" ind2="0" tag="880"><subfield code="6">245-02</subfield><subfield code="a">&#1581;&#1608;&#1575;&#1585; &#1576;&#1610;&#1606; &#1575;&#1604;&#1601;&#1604;&#1575;&#1587;&#1601;&#1577; &#1608;&#1575;&#1604;&#1605;&#1578;&#1603;&#1604;&#1605;&#1610;&#1606; /</subfield><subfield code="c">&#1578;&#1575;&#1604;&#1610;&#1601; &#1581;&#1587;&#1575;&#1605; &#1605;&#1581;&#1610; &#1575;&#1604;&#1583;&#1610;&#1606; &#1575;&#1604;&#1570;&#1604;&#1608;&#1587;&#1610;.</subfield></datafield><datafield ind1=" " ind2=" " tag="880"><subfield code="6">260-03</subfield><subfield code="a">&#1576;&#1594;&#1583;&#1575;&#1583; :</subfield><subfield code="b">&#1605;&#1591;&#1576;&#1593;&#1577; &#1575;&#1604;&#1586;&#1607;&#1585;&#1575;&#1569;&#1548;</subfield><subfield code="c">&#1633;&#1641;&#1638;&#1639;-</subfield></datafield><datafield ind1="0" ind2=" " tag="880"><subfield code="6">490-04</subfield><subfield code="a">&#1601;&#1610; &#1587;&#1576;&#1610;&#1604; &#1601;&#1607;&#1605; &#1575;&#1604;&#1601;&#1604;&#1587;&#1601;&#1577; &#1575;&#1604;&#1573;&#1587;&#1604;&#1575;&#1605;&#1610;&#1577;. &#1605;&#1588;&#1603;&#1604;&#1577; &#1575;&#1604;&#1608;&#1580;&#1608;&#1583; &#1563;</subfield><subfield code="v">&#1633;</subfield></datafield><datafield ind1=" " ind2=" " tag="959"><subfield code="a">NNU</subfield><subfield code="b">WEB</subfield><subfield code="c">GENI</subfield><subfield code="t">0</subfield><subfield code="m">Electronic access</subfield><subfield code="s">01</subfield></datafield><datafield ind1=" " ind2=" " tag="999"><subfield code="i">NIC_4412713</subfield><subfield code="o">(OCoLC)ocm09181329</subfield><subfield code="s">cornell_aco000208:v.1</subfield><subfield code="e">(ERROR-SERIES)</subfield><subfield code="s">cornell_aco000208:v.1</subfield></datafield></record>